3034 4972
255 335 401 465 'mv'¹

120 587 122 592 ’
249 543 537 664 Bobroirski
562 569 969 660 Canonicns'Vilnensis
996 580 1110 687 g'raeci
1139 585 1247 678 ritus,
1278 613 1362 664 cum

223 751 225 759 ’
251 727 424 846 Codicem
442 725 537 800 hunc
552 749 667 824 nuper
683 725 832 816 Romae¹
853 713 1084 825 inspexisset,
1112 721 1195 802 eum
1221 729 1257 804 in
1285 729 1362 804 lite-

250 869 299 942 ris
324 869 437 944 adl).
463 863 611 966 Kopitar
629 865 683 940 liis
712 865 828 941 verbis
854 865 1055 968 descripsit:
1081 867 1230 970 »Repeti
1257 869 1363 943 ctiam

113 1045 117 1052 ·
254 1008 425 1084 Codiccm
468 1005 779 1080 membranaceum
820 1007 857 1080 in
898 1009 953 1084 16.
1010 1009 1118 1085 nitide
1162 1025 1364 1099 exaratum,

252 1149 489 1224 continentem
513 1145 728 1222 psalterium
753 1161 789 1218 et
812 1144 985 1249 hymnum
996 1149 1238 1224 acathisticum
1262 1160 1364 1242 (asu-

253 1297 365 1378 xtti'ru)
396 1285 589 1362 Slavonica
614 1284 760 1383 quidem
787 1285 924 1388 lingua,
939 1283 1004 1358 sed
1029 1286 1231 1362 charactere
1251 1289 1365 1388 scrip·

252 1445 331 1503 tum
349 1426 497 1500 rmirum
511 1425 547 1496 in
566 1421 714 1500 modum
739 1423 933 1500 reformato
958 1425 1226 1523 exCprilliano,
1254 1453 1365 1528 quum

197 1659 201 1668 Ι
254 1564 446 1666 Alpltabeti
469 1562 586 1638 literas
620 1562 680 1638 uix
711 1588 785 1638 non
814 1589 938 1639 omnes
965 1581 1117 1643 mutatas
1153 1556 1214 1644 aut
1244 1571 1366 1671 potius

171 1736 182 1750 “
257 1707 433 1784 mutilatas
461 1703 636 1794 exhibeat,
663 1703 823 1780 videlicet
839 1730 906 1807 pro
927 1701 1115 1814 Cytillian'o
1147 1709 1369 1786 ascribendo

96 1911 105 1928 .
258 1865 322 1930 etc.
349 1848 565 1946 (literarum
575 1843 804 1951 figuraetypo
821 1846 967 1948 exprimi
981 1831 1055 1924 non
1062 1859 1227 1949 possunt)
1245 1851 1309 1939 ita,
1328 1863 1369 1924 ut

196 2045 203 2056 ·
259 1991 428 2090 scriptor,
456 1986 690 2086 quisquisille
714 1987 838 2081 fuerit,
865 1989 1288 2097 artemtachygraphicam
1298 1991 1366 2065 lin·
1443 1991 1448 2005 '

92 2163 110 2208 a
261 2147 351 2232 gere
372 2128 545 2234 videatur.
592 2127 717 2204 Codex
735 2125 886 2232 pertinet
912 2131 957 2208 ad
974 2129 1217 2208 recensionem
1240 2133 1368 2208 Danu·

262 2253 418 2360 binnam,
445 2271 568 2344 aetatis
584 2272 821 2372 posterioris».

232 2429 236 2438 ”
365 2405 568 2515 Cyrillicum
586 2413 813 2518 Bosnensem
831 2433 983 2514 parvum
1001 2412 1161 2522 codicem
1190 2415 1303 2516 graeci
1320 2414 1368 2488 ri·

262 2566 321 2626 tus
348 2551 442 2652 apud
464 2577 504 2626 se
522 2553 695 2626 exstitisse
710 2551 840 2628 Matth..
862 2553 995 2632 Soviclr
1011 2554 1125 2632 refert.
1177 2553 1371 2656 Complec-

261 2693 437 2768 tebaturis
461 2691 843 2796 Apocalypsim,'cum
866 2695 976 2768 initio
990 2693 1175 2794 Evangelii
1202 2699 1241 2770 S.
1258 2696 1371 2770 Joan-
1455 2675 1457 2678 ⁵

196 2921 203 2936 ι
261 2833 326 2908 nis
378 2833 525 2932 Scripsit
551 2857 631 2906 eum
648 2832 815 2910 Radosav
826 2833 1048 2906 Christianus
1062 2799 1233 2906 Gonsavo
1254 2832 1368 2906 ›Chri-

263 2972 376 3046 stiano
393 2971 516 3043 diebus
542 2972 633 3072 regis
659 2971 813 3047 Tomaru
841 2988 878 3044 et
901 2973 957 3046 ati
973 2969 1101 3047 Ratlo.
1116 2971 1158 3043 ln
1183 2983 1369 3072 postremo

265 3110 352 3186 {olio
382 3083 506 3186 versus
544 3119 600 3185 13.
628 3136 701 3210 cap.
734 3130 768 3187 2.
795 3113 893 3212 epist.
920 3111 969 3185 ad·
1005 3110 1130 3186 Titum
1170 3109 1370 3212 glagolitico

215 3309 219 3318 .
268 3254 466 3328 charactere
484 3251 547 3326 secl
569 3276 652 3328 non·
665 3249 769 3327 obvio
789 3253 1005 3354 perscriptus
1020 3267 1105 3326 exat.

355 3391 547 3492 Evangelio
564 3355 740 3494 slavorlica
757 3391 875 3492 lingua
901 3403 1038 3464 exarata
1063 3384 1226 3494 religiose
1241 3391 1368 3467 Remis

269 3547 406 3607 servata
416 3557 528 3632 ,squae
547 3557 649 3635 reges
675 3531 810 3606 Galliae
822 3533 1023 3607 coronandi
1041 3531 1250 3633 praestando
1261 3529 1372 3636 jusju·
1510 3533 1511 3538 ’

247 3671 419 3748 'randum
452 3685 595 3773 tangere
620 3671 797 3764 solebant,
824 3673 923 3748 furor
943 3672 1252 3761 tumultuantium,
1278 3667 1373 3771 proh
1510 3685 1511 3688 ’

268 3806 391 3889 ‘dolori
414 3813 485 3915 igni
511 3813 658 3887 tradidit.
1282 3815 1288 3837 '

369 3955 529 4030 Veneriis
561 3955 597 4028 in
626 3953 833 4030 bibliotheca
862 3955 901 4030 S.
929 3954 1044 4030 Marci
1078 3968 1158 4028 ante
1186 3975 1297 4028 annos
1325 3949 1374 4024 26

220 4095 233 4104 “
276 4097 467 4171 examinavi
488 4095 645 4176 codicem
664 4097 758 4170 Novi
776 4097 996 4170 Testamenti
1019 4094 1225 4182 Serbicum,
1260 4115 1374 4166 mem·

273 4237 442 4312 bruneum
457 4239 493 4312 in
509 4229 584 4340 Bw,
604 4237 697 4339 apud
712 4235 1034 4352 Grieslraelriumll.
1048 4255 1103 4312 tt.
1123 4215 1194 4312 llic
1213 4232 1374 4336 quamvis

821 4382 826 4392 ’
1249 4386 1276 4422 '¹
1290 4373 1327 4452 in
